{
    "{'symbol': 'AMZN', 'freq': 'A'}": {
        "error": "",
        "response": {
            "Years": [
                "2022-12-31",
                "2021-12-31",
                "2020-12-31",
                "2019-12-31",
                "2018-12-31",
                "2017-12-31",
                "2016-12-31",
                "2015-12-31",
                "2014-12-31",
                "2013-12-31",
                "2012-12-31",
                "2011-12-31",
                "2010-12-31",
                "2009-12-31"
            ],
            "Revenue": [
                513983000000.0,
                469822000000.0,
                386064000000.0,
                280522000000.0,
                232887000000.0,
                177866000000.0,
                135987000000.0,
                107006000000.0,
                88988000000.0,
                74452000000.0,
                61093000000.0,
                48077000000.0,
                34204000000.0,
                24509000000.0
            ],
            "Cost-Of-Goods-Sold": [
                288831000000.0,
                272344000000.0,
                233307000000.0,
                165536000000.0,
                139156000000.0,
                111934000000.0,
                88265000000.0,
                71651000000.0,
                62752000000.0,
                54181000000.0,
                45971000000.0,
                37288000000.0,
                26561000000.0,
                18978000000.0
            ],
            "Gross-Profit": [
                225152000000.0,
                197478000000.0,
                152757000000.0,
                114986000000.0,
                93731000000.0,
                65932000000.0,
                47722000000.0,
                35355000000.0,
                26236000000.0,
                20271000000.0,
                15122000000.0,
                10789000000.0,
                7643000000.0,
                5531000000.0
            ],
            "Research-And-Development-Expenses": [
                73213000000.0,
                56052000000.0,
                42740000000.0,
                35931000000.0,
                28837000000.0,
                22620000000.0,
                16085000000.0,
                12540000000.0,
                9275000000.0,
                6565000000.0,
                4564000000.0,
                2909000000.0,
                1734000000.0,
                1240000000.0
            ],
            "SG&A-Expenses": [
                138428000000.0,
                116485000000.0,
                87193000000.0,
                64313000000.0,
                52177000000.0,
                38992000000.0,
                27284000000.0,
                20411000000.0,
                16650000000.0,
                12847000000.0,
                9723000000.0,
                6864000000.0,
                4397000000.0,
                3060000000.0
            ],
            "Other-Operating-Income-Or-Expenses": [
                -1263000000.0,
                -62000000.0,
                75000000.0,
                -201000000.0,
                -296000000.0,
                -214000000.0,
                -167000000.0,
                -171000000.0,
                -133000000.0,
                -114000000.0,
                -159000000.0,
                -154000000.0,
                -106000000.0,
                -102000000.0
            ],
            "Operating-Expenses": [
                212904000000.0,
                172599000000.0,
                129858000000.0,
                100445000000.0,
                81310000000.0,
                61826000000.0,
                43536000000.0,
                33122000000.0,
                26058000000.0,
                19526000000.0,
                14446000000.0,
                9927000000.0,
                6237000000.0,
                4402000000.0
            ],
            "Operating-Income": [
                12248000000.0,
                24879000000.0,
                22899000000.0,
                14541000000.0,
                12421000000.0,
                4106000000.0,
                4186000000.0,
                2233000000.0,
                178000000.0,
                745000000.0,
                676000000.0,
                862000000.0,
                1406000000.0,
                1129000000.0
            ],
            "Total-Non-Operating-Income/Expense": [
                -18184000000.0,
                13272000000.0,
                1279000000.0,
                -565000000.0,
                -1160000000.0,
                -300000000.0,
                -294000000.0,
                -665000000.0,
                -289000000.0,
                -239000000.0,
                -132000000.0,
                72000000.0,
                91000000.0,
                32000000.0
            ],
            "Pre-Tax-Income": [
                -5936000000.0,
                38151000000.0,
                24178000000.0,
                13976000000.0,
                11261000000.0,
                3806000000.0,
                3892000000.0,
                1568000000.0,
                -111000000.0,
                506000000.0,
                544000000.0,
                934000000.0,
                1497000000.0,
                1161000000.0
            ],
            "Income-Taxes": [
                -3217000000.0,
                4791000000.0,
                2863000000.0,
                2374000000.0,
                1197000000.0,
                769000000.0,
                1425000000.0,
                950000000.0,
                167000000.0,
                161000000.0,
                428000000.0,
                291000000.0,
                352000000.0,
                253000000.0
            ],
            "Income-After-Taxes": [
                -2719000000.0,
                33360000000.0,
                21315000000.0,
                11602000000.0,
                10064000000.0,
                3037000000.0,
                2467000000.0,
                618000000.0,
                -278000000.0,
                345000000.0,
                116000000.0,
                643000000.0,
                1145000000.0,
                908000000.0
            ],
            "Other-Income": [
                0,
                0,
                0,
                0,
                0,
                0,
                0,
                0,
                0,
                0,
                0,
                0,
                0,
                0
            ],
            "Income-From-Continuous-Operations": [
                -2722000000.0,
                33364000000.0,
                21331000000.0,
                11588000000.0,
                10073000000.0,
                3033000000.0,
                2371000000.0,
                596000000.0,
                -241000000.0,
                274000000.0,
                -39000000.0,
                631000000.0,
                1152000000.0,
                902000000.0
            ],
            "Income-From-Discontinued-Operations": [
                0,
                0,
                0,
                0,
                0,
                0,
                0,
                0,
                0,
                0,
                0,
                0,
                0,
                0
            ],
            "Net-Income": [
                -2722000000.0,
                33364000000.0,
                21331000000.0,
                11588000000.0,
                10073000000.0,
                3033000000.0,
                2371000000.0,
                596000000.0,
                -241000000.0,
                274000000.0,
                -39000000.0,
                631000000.0,
                1152000000.0,
                902000000.0
            ],
            "EBITDA": [
                54169000000.0,
                59312000000.0,
                48079000000.0,
                36330000000.0,
                27762000000.0,
                15584000000.0,
                12302000000.0,
                8514000000.0,
                4924000000.0,
                3998000000.0,
                2835000000.0,
                1945000000.0,
                1974000000.0,
                1507000000.0
            ],
            "EBIT": [
                12248000000.0,
                24879000000.0,
                22899000000.0,
                14541000000.0,
                12421000000.0,
                4106000000.0,
                4186000000.0,
                2233000000.0,
                178000000.0,
                745000000.0,
                676000000.0,
                862000000.0,
                1406000000.0,
                1129000000.0
            ],
            "Basic-Shares-Outstanding": [
                10189000000.0,
                10117000000.0,
                10005000000.0,
                9880000000.0,
                9740000000.0,
                9600000000.0,
                9480000000.0,
                9340000000.0,
                9240000000.0,
                9140000000.0,
                9060000000.0,
                9060000000.0,
                8940000000.0,
                8660000000.0
            ],
            "Shares-Outstanding": [
                10189000000.0,
                10296000000.0,
                10198000000.0,
                10080000000.0,
                10000000000.0,
                9860000000.0,
                9680000000.0,
                9540000000.0,
                9240000000.0,
                9300000000.0,
                9060000000.0,
                9220000000.0,
                9120000000.0,
                8840000000.0
            ],
            "Basic-EPS": [
                -270000.0,
                3300000.0,
                2130000.0,
                1173000.0,
                1034000.0,
                316000.0,
                250500.0,
                64000.0,
                -26000.0,
                30000.0,
                -4500.0,
                69500.0,
                129000.0,
                104000.0
            ],
            "EPS---Earnings-Per-Share": [
                -270000.0,
                3240000.0,
                2090000.0,
                1150500.0,
                1007000.0,
                307500.0,
                245000.0,
                62500.0,
                -26000.0,
                29500.0,
                -4500.0,
                68500.0,
                126500.0,
                102000.0
            ]
        }
    },
    "{'symbol': 'AMZN', 'freq': '5y'}": {
        "error": "",
        "response": {
            "Revenue": {
                "2022-12-31": 513983000000.0,
                "2021-12-31": 469822000000.0,
                "2020-12-31": 386064000000.0,
                "2019-12-31": 280522000000.0,
                "2018-12-31": 232887000000.0,
                "2017-12-31": 177866000000.0,
                "2016-12-31": 135987000000.0,
                "2015-12-31": 107006000000.0,
                "2014-12-31": 88988000000.0,
                "2013-12-31": 74452000000.0,
                "2012-12-31": 61093000000.0,
                "2011-12-31": 48077000000.0,
                "2010-12-31": 34204000000.0,
                "2009-12-31": 24509000000.0
            },
            "Cost-Of-Goods-Sold": {
                "2022-12-31": 288831000000.0,
                "2021-12-31": 272344000000.0,
                "2020-12-31": 233307000000.0,
                "2019-12-31": 165536000000.0,
                "2018-12-31": 139156000000.0,
                "2017-12-31": 111934000000.0,
                "2016-12-31": 88265000000.0,
                "2015-12-31": 71651000000.0,
                "2014-12-31": 62752000000.0,
                "2013-12-31": 54181000000.0,
                "2012-12-31": 45971000000.0,
                "2011-12-31": 37288000000.0,
                "2010-12-31": 26561000000.0,
                "2009-12-31": 18978000000.0
            },
            "Gross-Profit": {
                "2022-12-31": 225152000000.0,
                "2021-12-31": 197478000000.0,
                "2020-12-31": 152757000000.0,
                "2019-12-31": 114986000000.0,
                "2018-12-31": 93731000000.0,
                "2017-12-31": 65932000000.0,
                "2016-12-31": 47722000000.0,
                "2015-12-31": 35355000000.0,
                "2014-12-31": 26236000000.0,
                "2013-12-31": 20271000000.0,
                "2012-12-31": 15122000000.0,
                "2011-12-31": 10789000000.0,
                "2010-12-31": 7643000000.0,
                "2009-12-31": 5531000000.0
            },
            "Research-And-Development-Expenses": {
                "2022-12-31": 73213000000.0,
                "2021-12-31": 56052000000.0,
                "2020-12-31": 42740000000.0,
                "2019-12-31": 35931000000.0,
                "2018-12-31": 28837000000.0,
                "2017-12-31": 22620000000.0,
                "2016-12-31": 16085000000.0,
                "2015-12-31": 12540000000.0,
                "2014-12-31": 9275000000.0,
                "2013-12-31": 6565000000.0,
                "2012-12-31": 4564000000.0,
                "2011-12-31": 2909000000.0,
                "2010-12-31": 1734000000.0,
                "2009-12-31": 1240000000.0
            },
            "SG&A-Expenses": {
                "2022-12-31": 138428000000.0,
                "2021-12-31": 116485000000.0,
                "2020-12-31": 87193000000.0,
                "2019-12-31": 64313000000.0,
                "2018-12-31": 52177000000.0,
                "2017-12-31": 38992000000.0,
                "2016-12-31": 27284000000.0,
                "2015-12-31": 20411000000.0,
                "2014-12-31": 16650000000.0,
                "2013-12-31": 12847000000.0,
                "2012-12-31": 9723000000.0,
                "2011-12-31": 6864000000.0,
                "2010-12-31": 4397000000.0,
                "2009-12-31": 3060000000.0
            },
            "Other-Operating-Income-Or-Expenses": {
                "2022-12-31": -1263000000.0,
                "2021-12-31": -62000000.0,
                "2020-12-31": 75000000.0,
                "2019-12-31": -201000000.0,
                "2018-12-31": -296000000.0,
                "2017-12-31": -214000000.0,
                "2016-12-31": -167000000.0,
                "2015-12-31": -171000000.0,
                "2014-12-31": -133000000.0,
                "2013-12-31": -114000000.0,
                "2012-12-31": -159000000.0,
                "2011-12-31": -154000000.0,
                "2010-12-31": -106000000.0,
                "2009-12-31": -102000000.0
            },
            "Operating-Expenses": {
                "2022-12-31": 212904000000.0,
                "2021-12-31": 172599000000.0,
                "2020-12-31": 129858000000.0,
                "2019-12-31": 100445000000.0,
                "2018-12-31": 81310000000.0,
                "2017-12-31": 61826000000.0,
                "2016-12-31": 43536000000.0,
                "2015-12-31": 33122000000.0,
                "2014-12-31": 26058000000.0,
                "2013-12-31": 19526000000.0,
                "2012-12-31": 14446000000.0,
                "2011-12-31": 9927000000.0,
                "2010-12-31": 6237000000.0,
                "2009-12-31": 4402000000.0
            },
            "Operating-Income": {
                "2022-12-31": 12248000000.0,
                "2021-12-31": 24879000000.0,
                "2020-12-31": 22899000000.0,
                "2019-12-31": 14541000000.0,
                "2018-12-31": 12421000000.0,
                "2017-12-31": 4106000000.0,
                "2016-12-31": 4186000000.0,
                "2015-12-31": 2233000000.0,
                "2014-12-31": 178000000.0,
                "2013-12-31": 745000000.0,
                "2012-12-31": 676000000.0,
                "2011-12-31": 862000000.0,
                "2010-12-31": 1406000000.0,
                "2009-12-31": 1129000000.0
            },
            "Total-Non-Operating-Income/Expense": {
                "2022-12-31": -18184000000.0,
                "2021-12-31": 13272000000.0,
                "2020-12-31": 1279000000.0,
                "2019-12-31": -565000000.0,
                "2018-12-31": -1160000000.0,
                "2017-12-31": -300000000.0,
                "2016-12-31": -294000000.0,
                "2015-12-31": -665000000.0,
                "2014-12-31": -289000000.0,
                "2013-12-31": -239000000.0,
                "2012-12-31": -132000000.0,
                "2011-12-31": 72000000.0,
                "2010-12-31": 91000000.0,
                "2009-12-31": 32000000.0
            },
            "Pre-Tax-Income": {
                "2022-12-31": -5936000000.0,
                "2021-12-31": 38151000000.0,
                "2020-12-31": 24178000000.0,
                "2019-12-31": 13976000000.0,
                "2018-12-31": 11261000000.0,
                "2017-12-31": 3806000000.0,
                "2016-12-31": 3892000000.0,
                "2015-12-31": 1568000000.0,
                "2014-12-31": -111000000.0,
                "2013-12-31": 506000000.0,
                "2012-12-31": 544000000.0,
                "2011-12-31": 934000000.0,
                "2010-12-31": 1497000000.0,
                "2009-12-31": 1161000000.0
            },
            "Income-Taxes": {
                "2022-12-31": -3217000000.0,
                "2021-12-31": 4791000000.0,
                "2020-12-31": 2863000000.0,
                "2019-12-31": 2374000000.0,
                "2018-12-31": 1197000000.0,
                "2017-12-31": 769000000.0,
                "2016-12-31": 1425000000.0,
                "2015-12-31": 950000000.0,
                "2014-12-31": 167000000.0,
                "2013-12-31": 161000000.0,
                "2012-12-31": 428000000.0,
                "2011-12-31": 291000000.0,
                "2010-12-31": 352000000.0,
                "2009-12-31": 253000000.0
            },
            "Income-After-Taxes": {
                "2022-12-31": -2719000000.0,
                "2021-12-31": 33360000000.0,
                "2020-12-31": 21315000000.0,
                "2019-12-31": 11602000000.0,
                "2018-12-31": 10064000000.0,
                "2017-12-31": 3037000000.0,
                "2016-12-31": 2467000000.0,
                "2015-12-31": 618000000.0,
                "2014-12-31": -278000000.0,
                "2013-12-31": 345000000.0,
                "2012-12-31": 116000000.0,
                "2011-12-31": 643000000.0,
                "2010-12-31": 1145000000.0,
                "2009-12-31": 908000000.0
            },
            "Other-Income": {
                "2022-12-31": 0,
                "2021-12-31": 0,
                "2020-12-31": 0,
                "2019-12-31": 0,
                "2018-12-31": 0,
                "2017-12-31": 0,
                "2016-12-31": 0,
                "2015-12-31": 0,
                "2014-12-31": 0,
                "2013-12-31": 0,
                "2012-12-31": 0,
                "2011-12-31": 0,
                "2010-12-31": 0,
                "2009-12-31": 0
            },
            "Income-From-Continuous-Operations": {
                "2022-12-31": -2722000000.0,
                "2021-12-31": 33364000000.0,
                "2020-12-31": 21331000000.0,
                "2019-12-31": 11588000000.0,
                "2018-12-31": 10073000000.0,
                "2017-12-31": 3033000000.0,
                "2016-12-31": 2371000000.0,
                "2015-12-31": 596000000.0,
                "2014-12-31": -241000000.0,
                "2013-12-31": 274000000.0,
                "2012-12-31": -39000000.0,
                "2011-12-31": 631000000.0,
                "2010-12-31": 1152000000.0,
                "2009-12-31": 902000000.0
            },
            "Income-From-Discontinued-Operations": {
                "2022-12-31": 0,
                "2021-12-31": 0,
                "2020-12-31": 0,
                "2019-12-31": 0,
                "2018-12-31": 0,
                "2017-12-31": 0,
                "2016-12-31": 0,
                "2015-12-31": 0,
                "2014-12-31": 0,
                "2013-12-31": 0,
                "2012-12-31": 0,
                "2011-12-31": 0,
                "2010-12-31": 0,
                "2009-12-31": 0
            },
            "Net-Income": {
                "2022-12-31": -2722000000.0,
                "2021-12-31": 33364000000.0,
                "2020-12-31": 21331000000.0,
                "2019-12-31": 11588000000.0,
                "2018-12-31": 10073000000.0,
                "2017-12-31": 3033000000.0,
                "2016-12-31": 2371000000.0,
                "2015-12-31": 596000000.0,
                "2014-12-31": -241000000.0,
                "2013-12-31": 274000000.0,
                "2012-12-31": -39000000.0,
                "2011-12-31": 631000000.0,
                "2010-12-31": 1152000000.0,
                "2009-12-31": 902000000.0
            },
            "EBITDA": {
                "2022-12-31": 54169000000.0,
                "2021-12-31": 59312000000.0,
                "2020-12-31": 48079000000.0,
                "2019-12-31": 36330000000.0,
                "2018-12-31": 27762000000.0,
                "2017-12-31": 15584000000.0,
                "2016-12-31": 12302000000.0,
                "2015-12-31": 8514000000.0,
                "2014-12-31": 4924000000.0,
                "2013-12-31": 3998000000.0,
                "2012-12-31": 2835000000.0,
                "2011-12-31": 1945000000.0,
                "2010-12-31": 1974000000.0,
                "2009-12-31": 1507000000.0
            },
            "EBIT": {
                "2022-12-31": 12248000000.0,
                "2021-12-31": 24879000000.0,
                "2020-12-31": 22899000000.0,
                "2019-12-31": 14541000000.0,
                "2018-12-31": 12421000000.0,
                "2017-12-31": 4106000000.0,
                "2016-12-31": 4186000000.0,
                "2015-12-31": 2233000000.0,
                "2014-12-31": 178000000.0,
                "2013-12-31": 745000000.0,
                "2012-12-31": 676000000.0,
                "2011-12-31": 862000000.0,
                "2010-12-31": 1406000000.0,
                "2009-12-31": 1129000000.0
            },
            "Basic-Shares-Outstanding": {
                "2022-12-31": 10189000000.0,
                "2021-12-31": 10117000000.0,
                "2020-12-31": 10005000000.0,
                "2019-12-31": 9880000000.0,
                "2018-12-31": 9740000000.0,
                "2017-12-31": 9600000000.0,
                "2016-12-31": 9480000000.0,
                "2015-12-31": 9340000000.0,
                "2014-12-31": 9240000000.0,
                "2013-12-31": 9140000000.0,
                "2012-12-31": 9060000000.0,
                "2011-12-31": 9060000000.0,
                "2010-12-31": 8940000000.0,
                "2009-12-31": 8660000000.0
            },
            "Shares-Outstanding": {
                "2022-12-31": 10189000000.0,
                "2021-12-31": 10296000000.0,
                "2020-12-31": 10198000000.0,
                "2019-12-31": 10080000000.0,
                "2018-12-31": 10000000000.0,
                "2017-12-31": 9860000000.0,
                "2016-12-31": 9680000000.0,
                "2015-12-31": 9540000000.0,
                "2014-12-31": 9240000000.0,
                "2013-12-31": 9300000000.0,
                "2012-12-31": 9060000000.0,
                "2011-12-31": 9220000000.0,
                "2010-12-31": 9120000000.0,
                "2009-12-31": 8840000000.0
            },
            "Basic-EPS": {
                "2022-12-31": -270000.0,
                "2021-12-31": 3300000.0,
                "2020-12-31": 2130000.0,
                "2019-12-31": 1173000.0,
                "2018-12-31": 1034000.0,
                "2017-12-31": 316000.0,
                "2016-12-31": 250500.0,
                "2015-12-31": 64000.0,
                "2014-12-31": -26000.0,
                "2013-12-31": 30000.0,
                "2012-12-31": -4500.0,
                "2011-12-31": 69500.0,
                "2010-12-31": 129000.0,
                "2009-12-31": 104000.0
            },
            "EPS---Earnings-Per-Share": {
                "2022-12-31": -270000.0,
                "2021-12-31": 3240000.0,
                "2020-12-31": 2090000.0,
                "2019-12-31": 1150500.0,
                "2018-12-31": 1007000.0,
                "2017-12-31": 307500.0,
                "2016-12-31": 245000.0,
                "2015-12-31": 62500.0,
                "2014-12-31": -26000.0,
                "2013-12-31": 29500.0,
                "2012-12-31": -4500.0,
                "2011-12-31": 68500.0,
                "2010-12-31": 126500.0,
                "2009-12-31": 102000.0
            }
        }
    },
    "{'symbol': 'AMAZN', 'formstyle': 'dataframe', 'freq': 'Q'}": {
        "error": "",
        "response": "Internal Server Error"
    },
    "{'symbol': 'AMZN', 'formstyle': 'dataframe', 'freq': 'annual'}": {
        "error": "",
        "response": {
            "Revenue": {
                "2022-12-31": 513983000000.0,
                "2021-12-31": 469822000000.0,
                "2020-12-31": 386064000000.0,
                "2019-12-31": 280522000000.0,
                "2018-12-31": 232887000000.0,
                "2017-12-31": 177866000000.0,
                "2016-12-31": 135987000000.0,
                "2015-12-31": 107006000000.0,
                "2014-12-31": 88988000000.0,
                "2013-12-31": 74452000000.0,
                "2012-12-31": 61093000000.0,
                "2011-12-31": 48077000000.0,
                "2010-12-31": 34204000000.0,
                "2009-12-31": 24509000000.0
            },
            "Cost-Of-Goods-Sold": {
                "2022-12-31": 288831000000.0,
                "2021-12-31": 272344000000.0,
                "2020-12-31": 233307000000.0,
                "2019-12-31": 165536000000.0,
                "2018-12-31": 139156000000.0,
                "2017-12-31": 111934000000.0,
                "2016-12-31": 88265000000.0,
                "2015-12-31": 71651000000.0,
                "2014-12-31": 62752000000.0,
                "2013-12-31": 54181000000.0,
                "2012-12-31": 45971000000.0,
                "2011-12-31": 37288000000.0,
                "2010-12-31": 26561000000.0,
                "2009-12-31": 18978000000.0
            },
            "Gross-Profit": {
                "2022-12-31": 225152000000.0,
                "2021-12-31": 197478000000.0,
                "2020-12-31": 152757000000.0,
                "2019-12-31": 114986000000.0,
                "2018-12-31": 93731000000.0,
                "2017-12-31": 65932000000.0,
                "2016-12-31": 47722000000.0,
                "2015-12-31": 35355000000.0,
                "2014-12-31": 26236000000.0,
                "2013-12-31": 20271000000.0,
                "2012-12-31": 15122000000.0,
                "2011-12-31": 10789000000.0,
                "2010-12-31": 7643000000.0,
                "2009-12-31": 5531000000.0
            },
            "Research-And-Development-Expenses": {
                "2022-12-31": 73213000000.0,
                "2021-12-31": 56052000000.0,
                "2020-12-31": 42740000000.0,
                "2019-12-31": 35931000000.0,
                "2018-12-31": 28837000000.0,
                "2017-12-31": 22620000000.0,
                "2016-12-31": 16085000000.0,
                "2015-12-31": 12540000000.0,
                "2014-12-31": 9275000000.0,
                "2013-12-31": 6565000000.0,
                "2012-12-31": 4564000000.0,
                "2011-12-31": 2909000000.0,
                "2010-12-31": 1734000000.0,
                "2009-12-31": 1240000000.0
            },
            "SG&A-Expenses": {
                "2022-12-31": 138428000000.0,
                "2021-12-31": 116485000000.0,
                "2020-12-31": 87193000000.0,
                "2019-12-31": 64313000000.0,
                "2018-12-31": 52177000000.0,
                "2017-12-31": 38992000000.0,
                "2016-12-31": 27284000000.0,
                "2015-12-31": 20411000000.0,
                "2014-12-31": 16650000000.0,
                "2013-12-31": 12847000000.0,
                "2012-12-31": 9723000000.0,
                "2011-12-31": 6864000000.0,
                "2010-12-31": 4397000000.0,
                "2009-12-31": 3060000000.0
            },
            "Other-Operating-Income-Or-Expenses": {
                "2022-12-31": -1263000000.0,
                "2021-12-31": -62000000.0,
                "2020-12-31": 75000000.0,
                "2019-12-31": -201000000.0,
                "2018-12-31": -296000000.0,
                "2017-12-31": -214000000.0,
                "2016-12-31": -167000000.0,
                "2015-12-31": -171000000.0,
                "2014-12-31": -133000000.0,
                "2013-12-31": -114000000.0,
                "2012-12-31": -159000000.0,
                "2011-12-31": -154000000.0,
                "2010-12-31": -106000000.0,
                "2009-12-31": -102000000.0
            },
            "Operating-Expenses": {
                "2022-12-31": 212904000000.0,
                "2021-12-31": 172599000000.0,
                "2020-12-31": 129858000000.0,
                "2019-12-31": 100445000000.0,
                "2018-12-31": 81310000000.0,
                "2017-12-31": 61826000000.0,
                "2016-12-31": 43536000000.0,
                "2015-12-31": 33122000000.0,
                "2014-12-31": 26058000000.0,
                "2013-12-31": 19526000000.0,
                "2012-12-31": 14446000000.0,
                "2011-12-31": 9927000000.0,
                "2010-12-31": 6237000000.0,
                "2009-12-31": 4402000000.0
            },
            "Operating-Income": {
                "2022-12-31": 12248000000.0,
                "2021-12-31": 24879000000.0,
                "2020-12-31": 22899000000.0,
                "2019-12-31": 14541000000.0,
                "2018-12-31": 12421000000.0,
                "2017-12-31": 4106000000.0,
                "2016-12-31": 4186000000.0,
                "2015-12-31": 2233000000.0,
                "2014-12-31": 178000000.0,
                "2013-12-31": 745000000.0,
                "2012-12-31": 676000000.0,
                "2011-12-31": 862000000.0,
                "2010-12-31": 1406000000.0,
                "2009-12-31": 1129000000.0
            },
            "Total-Non-Operating-Income/Expense": {
                "2022-12-31": -18184000000.0,
                "2021-12-31": 13272000000.0,
                "2020-12-31": 1279000000.0,
                "2019-12-31": -565000000.0,
                "2018-12-31": -1160000000.0,
                "2017-12-31": -300000000.0,
                "2016-12-31": -294000000.0,
                "2015-12-31": -665000000.0,
                "2014-12-31": -289000000.0,
                "2013-12-31": -239000000.0,
                "2012-12-31": -132000000.0,
                "2011-12-31": 72000000.0,
                "2010-12-31": 91000000.0,
                "2009-12-31": 32000000.0
            },
            "Pre-Tax-Income": {
                "2022-12-31": -5936000000.0,
                "2021-12-31": 38151000000.0,
                "2020-12-31": 24178000000.0,
                "2019-12-31": 13976000000.0,
                "2018-12-31": 11261000000.0,
                "2017-12-31": 3806000000.0,
                "2016-12-31": 3892000000.0,
                "2015-12-31": 1568000000.0,
                "2014-12-31": -111000000.0,
                "2013-12-31": 506000000.0,
                "2012-12-31": 544000000.0,
                "2011-12-31": 934000000.0,
                "2010-12-31": 1497000000.0,
                "2009-12-31": 1161000000.0
            },
            "Income-Taxes": {
                "2022-12-31": -3217000000.0,
                "2021-12-31": 4791000000.0,
                "2020-12-31": 2863000000.0,
                "2019-12-31": 2374000000.0,
                "2018-12-31": 1197000000.0,
                "2017-12-31": 769000000.0,
                "2016-12-31": 1425000000.0,
                "2015-12-31": 950000000.0,
                "2014-12-31": 167000000.0,
                "2013-12-31": 161000000.0,
                "2012-12-31": 428000000.0,
                "2011-12-31": 291000000.0,
                "2010-12-31": 352000000.0,
                "2009-12-31": 253000000.0
            },
            "Income-After-Taxes": {
                "2022-12-31": -2719000000.0,
                "2021-12-31": 33360000000.0,
                "2020-12-31": 21315000000.0,
                "2019-12-31": 11602000000.0,
                "2018-12-31": 10064000000.0,
                "2017-12-31": 3037000000.0,
                "2016-12-31": 2467000000.0,
                "2015-12-31": 618000000.0,
                "2014-12-31": -278000000.0,
                "2013-12-31": 345000000.0,
                "2012-12-31": 116000000.0,
                "2011-12-31": 643000000.0,
                "2010-12-31": 1145000000.0,
                "2009-12-31": 908000000.0
            },
            "Other-Income": {
                "2022-12-31": 0,
                "2021-12-31": 0,
                "2020-12-31": 0,
                "2019-12-31": 0,
                "2018-12-31": 0,
                "2017-12-31": 0,
                "2016-12-31": 0,
                "2015-12-31": 0,
                "2014-12-31": 0,
                "2013-12-31": 0,
                "2012-12-31": 0,
                "2011-12-31": 0,
                "2010-12-31": 0,
                "2009-12-31": 0
            },
            "Income-From-Continuous-Operations": {
                "2022-12-31": -2722000000.0,
                "2021-12-31": 33364000000.0,
                "2020-12-31": 21331000000.0,
                "2019-12-31": 11588000000.0,
                "2018-12-31": 10073000000.0,
                "2017-12-31": 3033000000.0,
                "2016-12-31": 2371000000.0,
                "2015-12-31": 596000000.0,
                "2014-12-31": -241000000.0,
                "2013-12-31": 274000000.0,
                "2012-12-31": -39000000.0,
                "2011-12-31": 631000000.0,
                "2010-12-31": 1152000000.0,
                "2009-12-31": 902000000.0
            },
            "Income-From-Discontinued-Operations": {
                "2022-12-31": 0,
                "2021-12-31": 0,
                "2020-12-31": 0,
                "2019-12-31": 0,
                "2018-12-31": 0,
                "2017-12-31": 0,
                "2016-12-31": 0,
                "2015-12-31": 0,
                "2014-12-31": 0,
                "2013-12-31": 0,
                "2012-12-31": 0,
                "2011-12-31": 0,
                "2010-12-31": 0,
                "2009-12-31": 0
            },
            "Net-Income": {
                "2022-12-31": -2722000000.0,
                "2021-12-31": 33364000000.0,
                "2020-12-31": 21331000000.0,
                "2019-12-31": 11588000000.0,
                "2018-12-31": 10073000000.0,
                "2017-12-31": 3033000000.0,
                "2016-12-31": 2371000000.0,
                "2015-12-31": 596000000.0,
                "2014-12-31": -241000000.0,
                "2013-12-31": 274000000.0,
                "2012-12-31": -39000000.0,
                "2011-12-31": 631000000.0,
                "2010-12-31": 1152000000.0,
                "2009-12-31": 902000000.0
            },
            "EBITDA": {
                "2022-12-31": 54169000000.0,
                "2021-12-31": 59312000000.0,
                "2020-12-31": 48079000000.0,
                "2019-12-31": 36330000000.0,
                "2018-12-31": 27762000000.0,
                "2017-12-31": 15584000000.0,
                "2016-12-31": 12302000000.0,
                "2015-12-31": 8514000000.0,
                "2014-12-31": 4924000000.0,
                "2013-12-31": 3998000000.0,
                "2012-12-31": 2835000000.0,
                "2011-12-31": 1945000000.0,
                "2010-12-31": 1974000000.0,
                "2009-12-31": 1507000000.0
            },
            "EBIT": {
                "2022-12-31": 12248000000.0,
                "2021-12-31": 24879000000.0,
                "2020-12-31": 22899000000.0,
                "2019-12-31": 14541000000.0,
                "2018-12-31": 12421000000.0,
                "2017-12-31": 4106000000.0,
                "2016-12-31": 4186000000.0,
                "2015-12-31": 2233000000.0,
                "2014-12-31": 178000000.0,
                "2013-12-31": 745000000.0,
                "2012-12-31": 676000000.0,
                "2011-12-31": 862000000.0,
                "2010-12-31": 1406000000.0,
                "2009-12-31": 1129000000.0
            },
            "Basic-Shares-Outstanding": {
                "2022-12-31": 10189000000.0,
                "2021-12-31": 10117000000.0,
                "2020-12-31": 10005000000.0,
                "2019-12-31": 9880000000.0,
                "2018-12-31": 9740000000.0,
                "2017-12-31": 9600000000.0,
                "2016-12-31": 9480000000.0,
                "2015-12-31": 9340000000.0,
                "2014-12-31": 9240000000.0,
                "2013-12-31": 9140000000.0,
                "2012-12-31": 9060000000.0,
                "2011-12-31": 9060000000.0,
                "2010-12-31": 8940000000.0,
                "2009-12-31": 8660000000.0
            },
            "Shares-Outstanding": {
                "2022-12-31": 10189000000.0,
                "2021-12-31": 10296000000.0,
                "2020-12-31": 10198000000.0,
                "2019-12-31": 10080000000.0,
                "2018-12-31": 10000000000.0,
                "2017-12-31": 9860000000.0,
                "2016-12-31": 9680000000.0,
                "2015-12-31": 9540000000.0,
                "2014-12-31": 9240000000.0,
                "2013-12-31": 9300000000.0,
                "2012-12-31": 9060000000.0,
                "2011-12-31": 9220000000.0,
                "2010-12-31": 9120000000.0,
                "2009-12-31": 8840000000.0
            },
            "Basic-EPS": {
                "2022-12-31": -270000.0,
                "2021-12-31": 3300000.0,
                "2020-12-31": 2130000.0,
                "2019-12-31": 1173000.0,
                "2018-12-31": 1034000.0,
                "2017-12-31": 316000.0,
                "2016-12-31": 250500.0,
                "2015-12-31": 64000.0,
                "2014-12-31": -26000.0,
                "2013-12-31": 30000.0,
                "2012-12-31": -4500.0,
                "2011-12-31": 69500.0,
                "2010-12-31": 129000.0,
                "2009-12-31": 104000.0
            },
            "EPS---Earnings-Per-Share": {
                "2022-12-31": -270000.0,
                "2021-12-31": 3240000.0,
                "2020-12-31": 2090000.0,
                "2019-12-31": 1150500.0,
                "2018-12-31": 1007000.0,
                "2017-12-31": 307500.0,
                "2016-12-31": 245000.0,
                "2015-12-31": 62500.0,
                "2014-12-31": -26000.0,
                "2013-12-31": 29500.0,
                "2012-12-31": -4500.0,
                "2011-12-31": 68500.0,
                "2010-12-31": 126500.0,
                "2009-12-31": 102000.0
            }
        }
    },
    "{'symbol': 'AMAZON'}": {
        "error": "",
        "response": "Internal Server Error"
    },
    "{'symbol': 'AMZN', 'freq': 'q'}": {
        "error": "",
        "response": {
            "Revenue": {
                "2022-12-31": 513983000000.0,
                "2021-12-31": 469822000000.0,
                "2020-12-31": 386064000000.0,
                "2019-12-31": 280522000000.0,
                "2018-12-31": 232887000000.0,
                "2017-12-31": 177866000000.0,
                "2016-12-31": 135987000000.0,
                "2015-12-31": 107006000000.0,
                "2014-12-31": 88988000000.0,
                "2013-12-31": 74452000000.0,
                "2012-12-31": 61093000000.0,
                "2011-12-31": 48077000000.0,
                "2010-12-31": 34204000000.0,
                "2009-12-31": 24509000000.0
            },
            "Cost-Of-Goods-Sold": {
                "2022-12-31": 288831000000.0,
                "2021-12-31": 272344000000.0,
                "2020-12-31": 233307000000.0,
                "2019-12-31": 165536000000.0,
                "2018-12-31": 139156000000.0,
                "2017-12-31": 111934000000.0,
                "2016-12-31": 88265000000.0,
                "2015-12-31": 71651000000.0,
                "2014-12-31": 62752000000.0,
                "2013-12-31": 54181000000.0,
                "2012-12-31": 45971000000.0,
                "2011-12-31": 37288000000.0,
                "2010-12-31": 26561000000.0,
                "2009-12-31": 18978000000.0
            },
            "Gross-Profit": {
                "2022-12-31": 225152000000.0,
                "2021-12-31": 197478000000.0,
                "2020-12-31": 152757000000.0,
                "2019-12-31": 114986000000.0,
                "2018-12-31": 93731000000.0,
                "2017-12-31": 65932000000.0,
                "2016-12-31": 47722000000.0,
                "2015-12-31": 35355000000.0,
                "2014-12-31": 26236000000.0,
                "2013-12-31": 20271000000.0,
                "2012-12-31": 15122000000.0,
                "2011-12-31": 10789000000.0,
                "2010-12-31": 7643000000.0,
                "2009-12-31": 5531000000.0
            },
            "Research-And-Development-Expenses": {
                "2022-12-31": 73213000000.0,
                "2021-12-31": 56052000000.0,
                "2020-12-31": 42740000000.0,
                "2019-12-31": 35931000000.0,
                "2018-12-31": 28837000000.0,
                "2017-12-31": 22620000000.0,
                "2016-12-31": 16085000000.0,
                "2015-12-31": 12540000000.0,
                "2014-12-31": 9275000000.0,
                "2013-12-31": 6565000000.0,
                "2012-12-31": 4564000000.0,
                "2011-12-31": 2909000000.0,
                "2010-12-31": 1734000000.0,
                "2009-12-31": 1240000000.0
            },
            "SG&A-Expenses": {
                "2022-12-31": 138428000000.0,
                "2021-12-31": 116485000000.0,
                "2020-12-31": 87193000000.0,
                "2019-12-31": 64313000000.0,
                "2018-12-31": 52177000000.0,
                "2017-12-31": 38992000000.0,
                "2016-12-31": 27284000000.0,
                "2015-12-31": 20411000000.0,
                "2014-12-31": 16650000000.0,
                "2013-12-31": 12847000000.0,
                "2012-12-31": 9723000000.0,
                "2011-12-31": 6864000000.0,
                "2010-12-31": 4397000000.0,
                "2009-12-31": 3060000000.0
            },
            "Other-Operating-Income-Or-Expenses": {
                "2022-12-31": -1263000000.0,
                "2021-12-31": -62000000.0,
                "2020-12-31": 75000000.0,
                "2019-12-31": -201000000.0,
                "2018-12-31": -296000000.0,
                "2017-12-31": -214000000.0,
                "2016-12-31": -167000000.0,
                "2015-12-31": -171000000.0,
                "2014-12-31": -133000000.0,
                "2013-12-31": -114000000.0,
                "2012-12-31": -159000000.0,
                "2011-12-31": -154000000.0,
                "2010-12-31": -106000000.0,
                "2009-12-31": -102000000.0
            },
            "Operating-Expenses": {
                "2022-12-31": 212904000000.0,
                "2021-12-31": 172599000000.0,
                "2020-12-31": 129858000000.0,
                "2019-12-31": 100445000000.0,
                "2018-12-31": 81310000000.0,
                "2017-12-31": 61826000000.0,
                "2016-12-31": 43536000000.0,
                "2015-12-31": 33122000000.0,
                "2014-12-31": 26058000000.0,
                "2013-12-31": 19526000000.0,
                "2012-12-31": 14446000000.0,
                "2011-12-31": 9927000000.0,
                "2010-12-31": 6237000000.0,
                "2009-12-31": 4402000000.0
            },
            "Operating-Income": {
                "2022-12-31": 12248000000.0,
                "2021-12-31": 24879000000.0,
                "2020-12-31": 22899000000.0,
                "2019-12-31": 14541000000.0,
                "2018-12-31": 12421000000.0,
                "2017-12-31": 4106000000.0,
                "2016-12-31": 4186000000.0,
                "2015-12-31": 2233000000.0,
                "2014-12-31": 178000000.0,
                "2013-12-31": 745000000.0,
                "2012-12-31": 676000000.0,
                "2011-12-31": 862000000.0,
                "2010-12-31": 1406000000.0,
                "2009-12-31": 1129000000.0
            },
            "Total-Non-Operating-Income/Expense": {
                "2022-12-31": -18184000000.0,
                "2021-12-31": 13272000000.0,
                "2020-12-31": 1279000000.0,
                "2019-12-31": -565000000.0,
                "2018-12-31": -1160000000.0,
                "2017-12-31": -300000000.0,
                "2016-12-31": -294000000.0,
                "2015-12-31": -665000000.0,
                "2014-12-31": -289000000.0,
                "2013-12-31": -239000000.0,
                "2012-12-31": -132000000.0,
                "2011-12-31": 72000000.0,
                "2010-12-31": 91000000.0,
                "2009-12-31": 32000000.0
            },
            "Pre-Tax-Income": {
                "2022-12-31": -5936000000.0,
                "2021-12-31": 38151000000.0,
                "2020-12-31": 24178000000.0,
                "2019-12-31": 13976000000.0,
                "2018-12-31": 11261000000.0,
                "2017-12-31": 3806000000.0,
                "2016-12-31": 3892000000.0,
                "2015-12-31": 1568000000.0,
                "2014-12-31": -111000000.0,
                "2013-12-31": 506000000.0,
                "2012-12-31": 544000000.0,
                "2011-12-31": 934000000.0,
                "2010-12-31": 1497000000.0,
                "2009-12-31": 1161000000.0
            },
            "Income-Taxes": {
                "2022-12-31": -3217000000.0,
                "2021-12-31": 4791000000.0,
                "2020-12-31": 2863000000.0,
                "2019-12-31": 2374000000.0,
                "2018-12-31": 1197000000.0,
                "2017-12-31": 769000000.0,
                "2016-12-31": 1425000000.0,
                "2015-12-31": 950000000.0,
                "2014-12-31": 167000000.0,
                "2013-12-31": 161000000.0,
                "2012-12-31": 428000000.0,
                "2011-12-31": 291000000.0,
                "2010-12-31": 352000000.0,
                "2009-12-31": 253000000.0
            },
            "Income-After-Taxes": {
                "2022-12-31": -2719000000.0,
                "2021-12-31": 33360000000.0,
                "2020-12-31": 21315000000.0,
                "2019-12-31": 11602000000.0,
                "2018-12-31": 10064000000.0,
                "2017-12-31": 3037000000.0,
                "2016-12-31": 2467000000.0,
                "2015-12-31": 618000000.0,
                "2014-12-31": -278000000.0,
                "2013-12-31": 345000000.0,
                "2012-12-31": 116000000.0,
                "2011-12-31": 643000000.0,
                "2010-12-31": 1145000000.0,
                "2009-12-31": 908000000.0
            },
            "Other-Income": {
                "2022-12-31": 0,
                "2021-12-31": 0,
                "2020-12-31": 0,
                "2019-12-31": 0,
                "2018-12-31": 0,
                "2017-12-31": 0,
                "2016-12-31": 0,
                "2015-12-31": 0,
                "2014-12-31": 0,
                "2013-12-31": 0,
                "2012-12-31": 0,
                "2011-12-31": 0,
                "2010-12-31": 0,
                "2009-12-31": 0
            },
            "Income-From-Continuous-Operations": {
                "2022-12-31": -2722000000.0,
                "2021-12-31": 33364000000.0,
                "2020-12-31": 21331000000.0,
                "2019-12-31": 11588000000.0,
                "2018-12-31": 10073000000.0,
                "2017-12-31": 3033000000.0,
                "2016-12-31": 2371000000.0,
                "2015-12-31": 596000000.0,
                "2014-12-31": -241000000.0,
                "2013-12-31": 274000000.0,
                "2012-12-31": -39000000.0,
                "2011-12-31": 631000000.0,
                "2010-12-31": 1152000000.0,
                "2009-12-31": 902000000.0
            },
            "Income-From-Discontinued-Operations": {
                "2022-12-31": 0,
                "2021-12-31": 0,
                "2020-12-31": 0,
                "2019-12-31": 0,
                "2018-12-31": 0,
                "2017-12-31": 0,
                "2016-12-31": 0,
                "2015-12-31": 0,
                "2014-12-31": 0,
                "2013-12-31": 0,
                "2012-12-31": 0,
                "2011-12-31": 0,
                "2010-12-31": 0,
                "2009-12-31": 0
            },
            "Net-Income": {
                "2022-12-31": -2722000000.0,
                "2021-12-31": 33364000000.0,
                "2020-12-31": 21331000000.0,
                "2019-12-31": 11588000000.0,
                "2018-12-31": 10073000000.0,
                "2017-12-31": 3033000000.0,
                "2016-12-31": 2371000000.0,
                "2015-12-31": 596000000.0,
                "2014-12-31": -241000000.0,
                "2013-12-31": 274000000.0,
                "2012-12-31": -39000000.0,
                "2011-12-31": 631000000.0,
                "2010-12-31": 1152000000.0,
                "2009-12-31": 902000000.0
            },
            "EBITDA": {
                "2022-12-31": 54169000000.0,
                "2021-12-31": 59312000000.0,
                "2020-12-31": 48079000000.0,
                "2019-12-31": 36330000000.0,
                "2018-12-31": 27762000000.0,
                "2017-12-31": 15584000000.0,
                "2016-12-31": 12302000000.0,
                "2015-12-31": 8514000000.0,
                "2014-12-31": 4924000000.0,
                "2013-12-31": 3998000000.0,
                "2012-12-31": 2835000000.0,
                "2011-12-31": 1945000000.0,
                "2010-12-31": 1974000000.0,
                "2009-12-31": 1507000000.0
            },
            "EBIT": {
                "2022-12-31": 12248000000.0,
                "2021-12-31": 24879000000.0,
                "2020-12-31": 22899000000.0,
                "2019-12-31": 14541000000.0,
                "2018-12-31": 12421000000.0,
                "2017-12-31": 4106000000.0,
                "2016-12-31": 4186000000.0,
                "2015-12-31": 2233000000.0,
                "2014-12-31": 178000000.0,
                "2013-12-31": 745000000.0,
                "2012-12-31": 676000000.0,
                "2011-12-31": 862000000.0,
                "2010-12-31": 1406000000.0,
                "2009-12-31": 1129000000.0
            },
            "Basic-Shares-Outstanding": {
                "2022-12-31": 10189000000.0,
                "2021-12-31": 10117000000.0,
                "2020-12-31": 10005000000.0,
                "2019-12-31": 9880000000.0,
                "2018-12-31": 9740000000.0,
                "2017-12-31": 9600000000.0,
                "2016-12-31": 9480000000.0,
                "2015-12-31": 9340000000.0,
                "2014-12-31": 9240000000.0,
                "2013-12-31": 9140000000.0,
                "2012-12-31": 9060000000.0,
                "2011-12-31": 9060000000.0,
                "2010-12-31": 8940000000.0,
                "2009-12-31": 8660000000.0
            },
            "Shares-Outstanding": {
                "2022-12-31": 10189000000.0,
                "2021-12-31": 10296000000.0,
                "2020-12-31": 10198000000.0,
                "2019-12-31": 10080000000.0,
                "2018-12-31": 10000000000.0,
                "2017-12-31": 9860000000.0,
                "2016-12-31": 9680000000.0,
                "2015-12-31": 9540000000.0,
                "2014-12-31": 9240000000.0,
                "2013-12-31": 9300000000.0,
                "2012-12-31": 9060000000.0,
                "2011-12-31": 9220000000.0,
                "2010-12-31": 9120000000.0,
                "2009-12-31": 8840000000.0
            },
            "Basic-EPS": {
                "2022-12-31": -270000.0,
                "2021-12-31": 3300000.0,
                "2020-12-31": 2130000.0,
                "2019-12-31": 1173000.0,
                "2018-12-31": 1034000.0,
                "2017-12-31": 316000.0,
                "2016-12-31": 250500.0,
                "2015-12-31": 64000.0,
                "2014-12-31": -26000.0,
                "2013-12-31": 30000.0,
                "2012-12-31": -4500.0,
                "2011-12-31": 69500.0,
                "2010-12-31": 129000.0,
                "2009-12-31": 104000.0
            },
            "EPS---Earnings-Per-Share": {
                "2022-12-31": -270000.0,
                "2021-12-31": 3240000.0,
                "2020-12-31": 2090000.0,
                "2019-12-31": 1150500.0,
                "2018-12-31": 1007000.0,
                "2017-12-31": 307500.0,
                "2016-12-31": 245000.0,
                "2015-12-31": 62500.0,
                "2014-12-31": -26000.0,
                "2013-12-31": 29500.0,
                "2012-12-31": -4500.0,
                "2011-12-31": 68500.0,
                "2010-12-31": 126500.0,
                "2009-12-31": 102000.0
            }
        }
    },
    "{'symbol': 'TSLA,AAPL,MSFT'}": {
        "error": "",
        "response": "Internal Server Error"
    },
    "{'symbol': 'TSLA,AAPL,MSFT', 'formstyle': 'dataframe', 'freq': 'Q'}": {
        "error": "",
        "response": "Internal Server Error"
    },
    "{'symbol': 'TSLA', 'freq': 'Q'}": {
        "error": "",
        "response": "{'Years': ['2023-03-31', '2022-12-31', '2022-09-30', '2022-06-30', '2022-03-31', '2021-12-31', '2021-09-30', '2021-06-30', '2021-03-31', '2020-12-31', '2020-09-30', '2020-06-30', '2020-03-31', '2019-12-31', '2019-09-30', '2019-06-30', '2019-03-31', '2018-12-31', '2018-09-30', '2018-06-30', '2018-03-31', '2017-12-31', '2017-09-30', '2017-06-30', '2017-03-31', '2016-12-31', '2016-09-30', '2016-06-30', '2016-03-31', '2015-12-31', '2015-09-30', '2015-06-30', '2015-03-31', '2014-12-31', '2014-09-30', '2014-06-30', '2014-03-31', '2013-12-31', '2013-09-30', '2013-06-30', '2013-03-31', '2012-12-31', '2012-09-30', '2012-06-30', '2012-03-31', '2011-12-31', '2011-09-30', '2011-06-30', '2011-03-31', '2010-12-31', '2010-09-30', '2010-06-30', '2010-03-31', '2009-12-31', '2009-09-30', '2009-06-30'], 'Revenue': [23329000000.0, 24318000000.0, 21454000000.0, 16934000000.0, 18756000000.0, 17719000000.0, 13757000000.0, 11958000000.0, 10389000000.0, 10744000000.0, 8771000000.0, 6036000000.0, 5985000000.0, 7384000000.0, 6303000000.0, 6350000000.0, 4541000000.0, 7226019000.0, 6824000000.0, 4002231000.0, 3408751000.0, 3288499000.0, 2984675000.0, 2789557000.0, 2696270000.0, 2284631000.0, 2298436000.0, 1270017000.0, 1147048000.0, 1214380000.0, 936789000.0, 954976000.0, 939880000.0, 956661000.0, 851804000.0, 769349000.0, 620542000.0, 615218900.0, 431346000.0, 405139000.0, 561792000.0, 306332000.0, 50104000.0, 26653000.0, 30167000.0, 39375000.0, 57666000.0, 58171000.0, 49030000.0, 36286000.0, 31241000.0, 28405000.0, 20812000.0, 0, 45527000.0, 26945000.0], 'Cost-Of-Goods-Sold': [18818000000.0, 18541000000.0, 16072000000.0, 12700000000.0, 13296000000.0, 12872000000.0, 10097000000.0, 9074000000.0, 8174000000.0, 8678000000.0, 6708000000.0, 4769000000.0, 4751000000.0, 5993000000.0, 5112000000.0, 5429000000.0, 3975000000.0, 5783474000.0, 5300000000.0, 3383301000.0, 2952225000.0, 2849199000.0, 2535535000.0, 2122942000.0, 2028324000.0, 1849353000.0, 1661701000.0, 995241000.0, 894580000.0, 995816300.0, 705293000.0, 741606000.0, 679807000.0, 69496380"
    },
    "{'symbol': 'AAPL', 'freq': 'A'}": {
        "error": "",
        "response": "{'Years': ['2022-09-30', '2021-09-30', '2020-09-30', '2019-09-30', '2018-09-30', '2017-09-30', '2016-09-30', '2015-09-30', '2014-09-30', '2013-09-30', '2012-09-30', '2011-09-30', '2010-09-30', '2009-09-30'], 'Revenue': [394328000000.0, 365817000000.0, 274515000000.0, 260174000000.0, 265595000000.0, 229234000000.0, 215639000000.0, 233715000000.0, 182795000000.0, 170910000000.0, 156508000000.0, 108249000000.0, 65225000000.0, 42905000000.0], 'Cost-Of-Goods-Sold': [223546000000.0, 212981000000.0, 169559000000.0, 161782000000.0, 163756000000.0, 141048000000.0, 131376000000.0, 140089000000.0, 112258000000.0, 106606000000.0, 87846000000.0, 64431000000.0, 39541000000.0, 25683000000.0], 'Gross-Profit': [170782000000.0, 152836000000.0, 104956000000.0, 98392000000.0, 101839000000.0, 88186000000.0, 84263000000.0, 93626000000.0, 70537000000.0, 64304000000.0, 68662000000.0, 43818000000.0, 25684000000.0, 17222000000.0], 'Research-And-Development-Expenses': [26251000000.0, 21914000000.0, 18752000000.0, 16217000000.0, 14236000000.0, 11581000000.0, 10045000000.0, 8067000000.0, 6041000000.0, 4475000000.0, 3381000000.0, 2429000000.0, 1782000000.0, 1333000000.0], 'SG&A-Expenses': [25094000000.0, 21973000000.0, 19916000000.0, 18245000000.0, 16705000000.0, 15261000000.0, 14194000000.0, 14329000000.0, 11993000000.0, 10830000000.0, 10040000000.0, 7599000000.0, 5517000000.0, 4149000000.0], 'Other-Operating-Income-Or-Expenses': [0, 0, 0, 0, 0, 0, 0, 0, 0, 0, 0, 0, 0, 0], 'Operating-Expenses': [51345000000.0, 43887000000.0, 38668000000.0, 34462000000.0, 30941000000.0, 26842000000.0, 24239000000.0, 22396000000.0, 18034000000.0, 15305000000.0, 13421000000.0, 10028000000.0, 7299000000.0, 5482000000.0], 'Operating-Income': [119437000000.0, 108949000000.0, 66288000000.0, 63930000000.0, 70898000000.0, 61344000000.0, 60024000000.0, 71230000000.0, 52503000000.0, 48999000000.0, 55241000000.0, 33790000000.0, 18385000000.0, 11740000000.0], 'Total-Non-Operating-Income/Expense': [-334000000.0, 258000000.0, 803000000.0, 1807000000.0, 2005000000.0, 274500"
    }
}