{
    "{'symbol': 'AAPL'}": {
        "error": "",
        "response": "{'AAPL': {'earningsChart': {'currentQuarterEstimate': 1.19, 'currentQuarterEstimateDate': '2Q', 'currentQuarterEstimateYear': 2023, 'earningsDate': [1691092800], 'quarterly': [{'actual': 1.2, 'date': '2Q2022', 'estimate': 1.16}, {'actual': 1.29, 'date': '3Q2022', 'estimate': 1.27}, {'actual': 1.88, 'date': '4Q2022', 'estimate': 1.94}, {'actual': 1.52, 'date': '1Q2023', 'estimate': 1.43}]}, 'financialCurrency': 'USD', 'financialsChart': {'quarterly': [{'date': '2Q2022', 'earnings': 19442000000, 'revenue': 82959000000}, {'date': '3Q2022', 'earnings': 20721000000, 'revenue': 90146000000}, {'date': '4Q2022', 'earnings': 29998000000, 'revenue': 117154000000}, {'date': '2Q2023', 'earnings': 0, 'revenue': 0}], 'yearly': [{'date': 2019, 'earnings': 55256000000, 'revenue': 260174000000}, {'date': 2020, 'earnings': 57411000000, 'revenue': 274515000000}, {'date': 2021, 'earnings': 94680000000, 'revenue': 365817000000}, {'date': 2022, 'earnings': 99803000000, 'revenue': 394328000000}]}, 'maxAge': 86400}}"
    },
    "{'symbol': 'TSLA', 'region': 'US'}": {
        "error": "",
        "response": "{'TSLA': {'earningsChart': {'currentQuarterEstimate': 0.46212, 'currentQuarterEstimateDate': '1Q', 'currentQuarterEstimateYear': 2025, 'earningsDate': [1745438400, 1746302400], 'isEarningsDateEstimate': True, 'quarterly': [{'actual': 0.45, 'date': '1Q2024', 'estimate': 0.4899}, {'actual': 0.52, 'date': '2Q2024', 'estimate': 0.62013}, {'actual': 0.72, 'date': '3Q2024', 'estimate': 0.59756}, {'actual': 0.73, 'date': '4Q2024', 'estimate': 0.76703}]}, 'financialCurrency': 'USD', 'financialsChart': {'quarterly': [{'date': '1Q2024', 'earnings': 1129000000, 'revenue': 21301000000}, {'date': '2Q2024', 'earnings': 1478000000, 'revenue': 25500000000}, {'date': '3Q2024', 'earnings': 2167000000, 'revenue': 25182000000}, {'date': '4Q2024', 'earnings': 2317000000, 'revenue': 25707000000}], 'yearly': [{'date': 2021, 'earnings': 5519000000, 'revenue': 53823000000}, {'date': 2022, 'earnings': 12556000000, 'revenue': 81462000000}, {'date': 2023, 'earnings': 14997000000, 'revenue': 96773000000}, {'date': 2024, 'earnings': 7091000000, 'revenue': 97690000000}]}, 'maxAge': 86400}}"
    },
    "{'symbol': 'AAPL', 'region': 'US'}": {
        "error": "",
        "response": "{'messages': 'The request to the API has timed out. Please try again later, or if the issue persists, please contact the API provider', 'info': 'Your Client (working) ---> Gateway (working) ---> API (took too long to respond)'}"
    },
    "{'symbol': 'GOOGL', 'region': 'US'}": {
        "error": "",
        "response": "{'GOOGL': {'earningsChart': {'currentQuarterEstimate': 1.83, 'currentQuarterEstimateDate': '3Q', 'currentQuarterEstimateYear': 2024, 'earningsDate': [1729627200, 1730145600], 'isEarningsDateEstimate': True, 'quarterly': [{'actual': 1.55, 'date': '3Q2023', 'estimate': 1.45}, {'actual': 1.64, 'date': '4Q2023', 'estimate': 1.59}, {'actual': 1.89, 'date': '1Q2024', 'estimate': 1.51}, {'actual': 1.89, 'date': '2Q2024', 'estimate': 1.84}]}, 'financialCurrency': 'USD', 'financialsChart': {'quarterly': [{'date': '3Q2023', 'earnings': 19689000000, 'revenue': 76693000000}, {'date': '4Q2023', 'earnings': 20687000000, 'revenue': 86310000000}, {'date': '1Q2024', 'earnings': 23662000000, 'revenue': 80539000000}, {'date': '2Q2024', 'earnings': 23619000000, 'revenue': 84742000000}], 'yearly': [{'date': 2020, 'earnings': 40269000000, 'revenue': 182527000000}, {'date': 2021, 'earnings': 76033000000, 'revenue': 257637000000}, {'date': 2022, 'earnings': 59972000000, 'revenue': 282836000000}, {'date': 2023, 'earnings': 73795000000, 'revenue': 307394000000}]}, 'maxAge': 86400}}"
    },
    "{'symbol': 'SHOP', 'region': 'CA'}": {
        "error": "",
        "response": "{'SHOP': {'earningsChart': {'currentQuarterEstimate': 0.28566, 'currentQuarterEstimateDate': '2Q', 'currentQuarterEstimateYear': 2025, 'earningsDate': [1754397000, 1754915400], 'isEarningsDateEstimate': True, 'quarterly': [{'actual': 0.26, 'date': '2Q2024', 'estimate': 0.20147}, {'date': '3Q2024', 'estimate': 0.27112}, {'actual': 0.44, 'date': '4Q2024', 'estimate': 0.43232}, {'actual': 0.25, 'date': '1Q2025', 'estimate': 0.26171}]}, 'financialCurrency': 'USD', 'financialsChart': {'quarterly': [{'date': '2Q2024', 'earnings': 345000000, 'revenue': 2045000000}, {'date': '3Q2024', 'earnings': 0, 'revenue': 2162000000}, {'date': '4Q2024', 'earnings': 575000000, 'revenue': 2812000000}, {'date': '1Q2025', 'earnings': 335000000, 'revenue': 2360000000}], 'yearly': [{'date': 2021, 'earnings': 814387000, 'revenue': 4611856000}, {'date': 2022, 'earnings': 47586000, 'revenue': 5599864000}, {'date': 2023, 'earnings': 947000000, 'revenue': 7060000000}, {'date': 2024, 'earnings': 1635000000, 'revenue': 8880000000}]}, 'maxAge': 86400}}"
    },
    "{'symbol': 'AMZN', 'region': 'US'}": {
        "error": "",
        "response": "{'AMZN': {'earningsChart': {'currentQuarterEstimate': 1.35748, 'currentQuarterEstimateDate': '1Q', 'currentQuarterEstimateYear': 2025, 'earningsDate': [1745837940, 1746187200], 'isEarningsDateEstimate': True, 'quarterly': [{'actual': 0.98, 'date': '1Q2024', 'estimate': 0.83281}, {'actual': 1.26, 'date': '2Q2024', 'estimate': 1.02503}, {'actual': 1.43, 'date': '3Q2024', 'estimate': 1.14242}, {'actual': 1.86, 'date': '4Q2024', 'estimate': 1.48369}]}, 'financialCurrency': 'USD', 'financialsChart': {'quarterly': [{'date': '1Q2024', 'earnings': 10431000000, 'revenue': 143313000000}, {'date': '2Q2024', 'earnings': 13485000000, 'revenue': 147977000000}, {'date': '3Q2024', 'earnings': 15328000000, 'revenue': 158877000000}, {'date': '4Q2024', 'earnings': 20004000000, 'revenue': 187792000000}], 'yearly': [{'date': 2021, 'earnings': 33364000000, 'revenue': 469822000000}, {'date': 2022, 'earnings': -2722000000, 'revenue': 513983000000}, {'date': 2023, 'earnings': 30425000000, 'revenue': 574785000000}, {'date': 2024, 'earnings': 59248000000, 'revenue': 637959000000}]}, 'maxAge': 86400}}"
    },
    "{'symbol': 'GOOG', 'region': 'US'}": {
        "error": "",
        "response": "{'GOOG': {'earningsChart': {'currentQuarterEstimate': 1.84, 'currentQuarterEstimateDate': '3Q', 'currentQuarterEstimateYear': 2024, 'earningsDate': [1729555200, 1730073600], 'quarterly': [{'actual': 1.41, 'date': '3Q2023', 'estimate': 1.32}, {'actual': 1.64, 'date': '4Q2023', 'estimate': 1.59}, {'actual': 1.89, 'date': '1Q2024', 'estimate': 1.51}, {'actual': 1.89, 'date': '2Q2024', 'estimate': 1.84}]}, 'financialCurrency': 'USD', 'financialsChart': {'quarterly': [{'date': '3Q2023', 'earnings': 19689000000, 'revenue': 76693000000}, {'date': '4Q2023', 'earnings': 20687000000, 'revenue': 86310000000}, {'date': '1Q2024', 'earnings': 23662000000, 'revenue': 80539000000}, {'date': '2Q2024', 'earnings': 23619000000, 'revenue': 84742000000}], 'yearly': [{'date': 2020, 'earnings': 40269000000, 'revenue': 182527000000}, {'date': 2021, 'earnings': 76033000000, 'revenue': 257637000000}, {'date': 2022, 'earnings': 59972000000, 'revenue': 282836000000}, {'date': 2023, 'earnings': 73795000000, 'revenue': 307394000000}]}, 'maxAge': 86400}}"
    },
    "{'symbol': 'NFLX', 'region': 'US'}": {
        "error": "",
        "response": "{'NFLX': {'earningsChart': {'currentQuarterEstimate': 7.05408, 'currentQuarterEstimateDate': '2Q', 'currentQuarterEstimateYear': 2025, 'earningsDate': [1752696000, 1753128000], 'isEarningsDateEstimate': True, 'quarterly': [{'actual': 4.88, 'date': '2Q2024', 'estimate': 4.74152}, {'actual': 5.4, 'date': '3Q2024', 'estimate': 5.1157}, {'actual': 4.27, 'date': '4Q2024', 'estimate': 4.19551}, {'actual': 6.61, 'date': '1Q2025', 'estimate': 5.65839}]}, 'financialCurrency': 'USD', 'financialsChart': {'quarterly': [{'date': '2Q2024', 'earnings': 2147306000, 'revenue': 9559310000}, {'date': '3Q2024', 'earnings': 2363509000, 'revenue': 9824703000}, {'date': '4Q2024', 'earnings': 1868607000, 'revenue': 10246513000}, {'date': '1Q2025', 'earnings': 2890351000, 'revenue': 10542801000}], 'yearly': [{'date': 2021, 'earnings': 5116228000, 'revenue': 29697844000}, {'date': 2022, 'earnings': 4491924000, 'revenue': 31615550000}, {'date': 2023, 'earnings': 5407990000, 'revenue': 33723297000}, {'date': 2024, 'earnings': 8711631000, 'revenue': 39000966000}]}, 'maxAge': 86400}}"
    },
    "{'symbol': 'AAPL', 'region': 'GB'}": {
        "error": "",
        "response": "{'AAPL': {'earningsChart': {'currentQuarterEstimate': 1.41586, 'currentQuarterEstimateDate': '2Q', 'currentQuarterEstimateYear': 2025, 'earningsDate': [1753873140, 1754308800], 'isEarningsDateEstimate': True, 'quarterly': [{'actual': 1.4, 'date': '2Q2024', 'estimate': 1.34155}, {'actual': 0.97, 'date': '3Q2024', 'estimate': 0.94654}, {'actual': 2.4, 'date': '4Q2024', 'estimate': 2.34102}, {'actual': 1.65, 'date': '1Q2025', 'estimate': 1.62253}]}, 'financialCurrency': 'USD', 'financialsChart': {'quarterly': [{'date': '2Q2024', 'earnings': 21448000000, 'revenue': 85777000000}, {'date': '3Q2024', 'earnings': 14736000000, 'revenue': 94930000000}, {'date': '4Q2024', 'earnings': 36330000000, 'revenue': 124300000000}, {'date': '1Q2025', 'earnings': 24780000000, 'revenue': 95359000000}], 'yearly': [{'date': 2021, 'earnings': 94680000000, 'revenue': 365817000000}, {'date': 2022, 'earnings': 99803000000, 'revenue': 394328000000}, {'date': 2023, 'earnings': 96995000000, 'revenue': 383285000000}, {'date': 2024, 'earnings': 93736000000, 'revenue': 391035000000}]}, 'maxAge': 86400}}"
    }
}